@online{iaas-paas-saas,
    author      = "Rackspace Support",
    title       = "Understanding the Cloud Computing Stack: SaaS, PaaS, IaaS",
    url         = "http://www.rackspace.com/knowledge_center/whitepaper/understanding-the-cloud-computing-stack-saas-paas-iaas",
    keywords    = "cloud, iaas, saas, paas"
}

@online{ibm-benchmark-docker,
    author    = "IBM",
    title     = "KVM and Docker LXC Benchmarking with OpenStack",
    url       = "http://fr.slideshare.net/BodenRussell/kvm-and-docker-lxc-benchmarking-with-openstack",
    keywords  = "benchmark,docker,lxc,kvm"
}

@online{cluster,
    author      = "Google",
    title       = "Scaling clusters declaratively with Kubernetes and Docker realisation",
    url         = "https://www.youtube.com/watch?v=IR9UhW8k6Ag",
    keywords    = "cluster, orchestration, scheduling"
}

@online{cluster-scheduling,
    author      = "Google",
    title       = "Containerizing the Cloud with Docker on Google Cloud Platform",
    url         = "https://www.youtube.com/watch?v=tsk0pWf4ipw",
    keywords    = "cluster, orchestration, scheduling"
}

@online{docker,
    author      = "Google",
    title       = "Containerizing the Cloud with Docker on Google Cloud Platform",
    url         = "https://www.docker.com/",
    keywords    = "cluster, docker"
}

@online{kubernetes,
    author      = "Google",
    title       = "Containerizing the Cloud with Docker on Google Cloud Platform",
    url         = "https://www.youtube.com/watch?v=tsk0pWf4ipw",
    keywords    = "cluster, orchestration, scheduling"
}

@online{mesos,
    author      = "Mesos",
    title       = "Containerizing the Cloud with Docker on Google Cloud Platform",
    url         = "http://mesos.apache.org/",
    keywords    = "cluster, mesos"
}

@online{coreos-cluster,
    author      = "CoreOS",
    title       = "Container management and deployment for your cluster using fleet",
    url         = "https://coreos.com/using-coreos/clustering/",
    keywords    = "cluster, coreos"
}

@article{nuxeo,
    author =       "DAMIEN METZLER",
    title =        "CoreOS and Nuxeo: How We Built nuxeo.io",
    journal =      "nuxeo",
    year =         "2014",
    DOI =          "http://www.nuxeo.com/blog/coreos-nuxeo-build-nuxeoio/",
    keywords =     "nuxeo, paas, architecture"
}


@online{coreos-aws,
    author      = "CoreOS",
    title       = "Running CoreOS on EC2",
    url         = "https://coreos.com/docs/running-coreos/cloud-providers/ec2/",
    keywords    = "coreos, aws, installation"
}

@online{gogeta,
    author      = "arkenio",
    title       = "Gogeta",
    url         = "https://github.com/arkenio/gogeta",
    keywords    = "proxy, gogeta"
}

@online{deis,
    author    = "Deis",
    title     = "Docker based PaaS to deploy and manage applications on cluster.",
    url       = "http://deis.io/",
    keywords  = "Deis, PaaS"
}

@online{deis-gce,
    author    = "Deis",
    title     = "Installing Deis on Google Compute Engine",
    url       = "http://deis.io/",
    keywords  = "Deis, PaaS"
}

@online{deis-ui,
    author    = "jumbojett",
    title     = "full client-side web app that interfaces with deis api.",
    url       = "https://github.com/jumbojett/deis-ui",
    keywords  = "deis, ui"
}

@online{heapster-coreos,
    author    = "Google",
    title     = "Installing Heapster on CoreOS.",
    url       = "https://github.com/GoogleCloudPlatform/heapster/blob/master/docs/coreos.md",
    keywords  = "monitoring, heapster, coreos"
}

@online{12-factors,
    author    = "Heroku",
    title     = "The twelve-factor app methodology for building robust SaaS",
    url       = "http://12factor.net/",
    keywords  = "PaaS, SaaS, scalability"
}

@online{aws,
    author    = "Wikipedia",
    title     = "Amazon Web Services.",
    url       = "https://fr.wikipedia.org/wiki/Amazon_Web_Services",
    keywords  = "iaas, aws"
}

@article{gce,
    author =       "Dominique Filippone",
    title =        "Google Compute Engine : ses atouts pour l'emporter face Ã  AWS",
    journal =      "journaldunet",
    year =         "2014",
    DOI =          "http://www.journaldunet.com/solutions/cloud-computing/google-compute-engine.shtml",
    keywords =     "iaas, gce"
}
